@misc{moi,
    author = {Moi},
    howpublished = {Jamais publié},
    title = {Exemple de référence},
    year = {2025}
}